@preamble{ "\newcommand{\noopsort}[1]{} "
	# "\newcommand{\printfirst}[2]{#1} "
	# "\newcommand{\singleletter}[1]{#1} "
	# "\newcommand{\switchargs}[2]{#2#1} " }

@article{quantum,
author={Di Martino, Giuliana and Sonnefraud, Yannick and Kena-Cohen, Stephane and Tame, Mark and Ozdemir, Sahin K. and Kim, M. S. and Maier, Stefan A.},
title={Quantum Statistics of Surface Plasmon Polaritons in Metallic Stripe Waveguides},
volume={12},
DOI={10.1021/nl300671w},
number={5},
journal={Nano Letters},
year={2012},
pages={2504-2508}
}
@misc{tnfc_drie,
author={Tnfc.utoronto.ca,},
title={Wet \& Plasma Etching | TNFC | Toronto Nanofabrication Centre},
url={http://tnfc.utoronto.ca/home/processes-services/wet-plasma-etching/}
}
@article{bosch,
author={Wu, Banqiu and Kumar, Ajay and Pamarthy, Sharma},
title={High aspect ratio silicon etch: A review},
volume={108},
DOI={10.1063/1.3474652},
number={5},
journal={J. Appl. Phys.},
year={2010},
pages={051101}
}
@misc{bosch1,
author={Azonano.com,},
title={Comparison of the Bosch and a Cryogenically Cooled Deep Silicon Etch Processes},
url={http://www.azonano.com/article.aspx?ArticleID=2951#12}
}
@misc{tnfc_ebeam,
author={Tnfc.utoronto.ca,},
title={Electron Beam Lithography | TNFC | Toronto Nanofabrication Centre},
url={http://tnfc.utoronto.ca/home/processes-services/electron-beam-lithography/}
}
@misc{TNFC_rec,
author={Tnfc.utoronto.ca,},
title={ma-N 2400 series Resist},
url={http://tnfc.utoronto.ca/wp-content/uploads/2015/03/TNFC-ma-N-2405-Resist.pdf}
}
@misc{microchem_man,
author={microchem.com,},
title={ma-N 2400 Negative Tone Photoresist Series},
url={http://www.microchem.com/PDFs_MRT/ma-N%202400%20overview.pdf}
}
@article{cd40,
author={De Paoli, Paolo and Cozzi, Marzia and Tedeschi, Rosamaria and Gloghini, Annunziata and Cilia, Anna Maria and van Kooten, Cees and Gaidano, Gianluca and Carbone, Antonino},
title={High CD40 membrane expression in AIDS-related lymphoma B cell lines is associated with the CD45RA+, CD45RO+, CD95+ phenotype and high levels of its soluble form in culture supernatants},
volume={30},
DOI={10.1002/(sici)1097-0320(19970215)30:1<33::aid-cyto5>3.0.co;2-g},
number={1},
journal={Cytometry},
year={1997},
pages={33-38}
}

@article{sexy_des_method,
author={Yu, Zhaoning and Chen, Lei and Wu, Wei and Ge, Haixiong and Chou, Stephen Y.},
title={Fabrication of nanoscale gratings with reduced line edge roughness using nanoimprint lithography},
volume={21},
DOI={10.1116/1.1609471},
number={5},
journal={Journal of Vacuum Science \& Technology B: Microelectronics and Nanometer Structures},
year={2003},
pages={2089}
}

@article{UVNI_paper,
author={Zhang, Yi Wen and Wang, Lei and Yu, Yong Lin and Wang, Ding Li and Zhou, Ning and Liu, Wen},
title={High quality Bragg gratings fabricated by Nanoimprint Lithography},
volume={276},
DOI={10.1088/1742-6596/276/1/012104},
journal={J. Phys.: Conf. Ser.},
year={2011},
pages={012104}
}

@INPROCEEDINGS{DeepUV, 
author={Xu Wang and Wei Shi and Vafaei, R. and Jaeger, N.A.F. and Chrostowski, L.}, 
booktitle={Communications and Photonics Conference and Exhibition (ACP), 2010 Asia}, 
title={Silicon-on-insulator Bragg gratings fabricated by deep UV lithography}, 
year={2010}, 
month={Dec}, 
pages={501-502}, 
keywords={Bragg gratings;integrated optics;optical fabrication;optical tuning;optical waveguides;refractive index;silicon-on-insulator;ultraviolet lithography;Bragg gratings;deep ultraviolet lithography;refraction index;silicon-on-insulator waveguides;thermal tunability;Bandwidth;Bragg gratings;Corrugated surfaces;Fabrication;Lithography;Strips;Surface waves}, 
doi={10.1109/ACP.2010.5682598},}

@article{stitch_signi,
author={Gnan, M. and Macintyre, D. S. and Sorel, M. and De La Rue, R. M. and Thoms, S.},
title={Enhanced stitching for the fabrication of photonic structures by electron beam lithography},
volume={25},
DOI={10.1116/1.2800325},
number={6},
journal={Journal of Vacuum Science \& Technology B: Microelectronics and Nanometer Structures},
year={2007},
pages={2034}
}

@misc{stitch_img,
author={Zamek, Steve and Khajavikhan, Mercedeh and Tan, Dawn T. H. and Ayache, Maurice and Slutsky, Boris and Fainman, Yeshaiahu},
title={Effects of Lithographic Stitching Errors on the Performance of Waveguide Bragg Gratings},
url={http://arxiv.org/abs/1110.6867},
journal={Arxiv.org},
year={2011}
}

@article{kyser,
author={Kyser, D. F.},
title={Monte Carlo simulation of spatially distributed beams in electron-beam lithography},
volume={12},
DOI={10.1116/1.568524},
number={6},
journal={J. Vac. Sci. Technol.},
year={1975},
pages={1305}
}
@article{PEC,
author={Rau, Richard},
title={Proximity effect correction for nanolithography},
volume={14},
DOI={10.1116/1.588752},
number={4},
journal={Journal of Vacuum Science \& Technology B: Microelectronics and Nanometer Structures},
year={1996},
pages={2445}
}

@article{chang,
author={Chang, T. H. P.},
title={Proximity effect in electron-beam lithography},
volume={12},
DOI={10.1116/1.568515},
number={6},
journal={J. Vac. Sci. Technol.},
year={1975},
pages={1271}
}

@article{UVL_intro,
author = {Berkowski, Kimberly L. and Plunkett, Kyle N. and Yu, Qing and Moore, Jeffrey S.},
title = {Introduction to Photolithography: Preparation of Microscale Polymer Silhouettes},
journal = {Journal of Chemical Education},
volume = {82},
number = {9},
pages = {1365},
year = {2005},
doi = {10.1021/ed082p1365},
URL = { 
        http://dx.doi.org/10.1021/ed082p1365    
},
eprint = { 
        http://dx.doi.org/10.1021/ed082p1365   
}
}

@INPROCEEDINGS{mask_ind,
author = {Hughes, Greg and Yun, Henry},
title = {Mask industry assessment: 2009},
journal = {Proc. SPIE},
volume = {7488},
number = {},
pages = {748803-748803-13},
year = {2009},
doi = {10.1117/12.832722},
URL = { http://dx.doi.org/10.1117/12.832722},
eprint = {}
}

@article{CSF_def,
author={Bahrami, F. and Alam, M. Z. and Aitchison, J. S. and Mojahedi, M.},
title={Dual Polarization Measurements in the Hybrid Plasmonic Biosensors},
volume={8},
DOI={10.1007/s11468-012-9411-z},
number={2},
journal={Plasmonics},
year={2012},
pages={465-473}
}

@book{app_dig_opt,
author={Kress, Bernard C and Meyrueis, Patrick},
title={Applied digital optics},
place={Chichester, U.K.},
publisher={Wiley},
year={2009}
}

@INPROCEEDINGS{farshid_conf, 
author={Bahrami, F. and Aitchison, J.S. and Mojahedi, M.}, 
booktitle={Photonics Conference (IPC), 2012 IEEE}, 
title={A highly optimized plasmon waveguide resonance biosensor}, 
year={2012}, 
month={Sept}, 
pages={208-209}, 
keywords={biosensors;genetic algorithms;plasmonics;sensitivity;waveguides;TM polarization;bulk index sensing;depth 7.2 mum;genetic algorithm;highly optimized plasmon waveguide resonance biosensor;penetration depth;sensitivity factor;Biosensors;Fluids;Genetic algorithms;Plasmons;Sensitivity;Surface waves;Biosensor;Bulk sensitivity;Genetic algorithm;Plasmon waveguide resonance}, 
doi={10.1109/IPCon.2012.6358564},}

@book{flow_pdf,
author={Campbell, Charles},
title={Surface Plasmon Resonance (SPR) Biosensor Development},
edition={1},
url={https://depts.washington.edu/campbelc/projects/plasmon.pdf}
}

@article{farshid_ol,
author={Bahrami, Farshid and Aitchison, J. Stewart and Mojahedi, Mo},
title={Multimode spectroscopy using dielectric grating coupled to a surface plasmon resonance sensor},
volume={39},
DOI={10.1364/ol.39.003946},
number={13},
journal={Opt. Lett.},
year={2014},
pages={3946}
}

@article{complete_sp_coupling,
author={Sambles, J. R. and Bradbery, G. W. and Yang, Fuzi},
title={Optical excitation of surface plasmons: An introduction},
volume={32},
DOI={10.1080/00107519108211048},
number={3},
journal={Contemporary Physics},
year={1991},
pages={173-183}
}

@article{sp_coupling_2,
author={Homola, JiriÂ´ and Koudela, Ivo and Yee, Sinclair S.},
title={Surface plasmon resonance sensors based on diffraction gratings and prism couplers: sensitivity comparison},
volume={54},
DOI={10.1016/s0925-4005(98)00322-0},
number={1-2},
journal={Sensors and Actuators B: Chemical},
year={1999},
pages={16-24}
}

@article{plasmon_future_bio,
author={Brolo, Alexandre G.},
title={Plasmonics for future biosensors},
volume={6},
DOI={10.1038/nphoton.2012.266},
number={11},
journal={Nature Photonics},
year={2012},
pages={709-713}
}

@article{SPR_sensor_review,
author={Homola, Jiri and Yee, Sinclair S. and Gauglitz, Gunter},
title={Surface plasmon resonance sensors: review},
volume={54},
DOI={10.1016/s0925-4005(98)00321-9},
number={1-2},
journal={Sensors and Actuators B: Chemical},
year={1999},
pages={3-15}
}

@book{ATR_book,
author={Milosevic, Milan},
title={Internal reflection and ATR spectroscopy},
place={Hoboken, N.J.},
publisher={John Wiley and amp},
year={2012}
}

@misc{ref_index_db,
  title = {Refractive Index Database},
  howpublished = {\url{http://refractiveindex.info/}},
  note = {Accessed: 2015-02-08}
}
